% GROUP THEORY
% Bounds for Out(T) where T non-abelian simple
@article{guralnick-maroti-pyber:normalizers-primtive-groups,
    title = "Normalizers of primitive permutation groups",
    author = "Guralnick, Robert M and Mar{\'o}ti, Attila and Pyber, L{\'a}szl{\'o}",
    journal = "Advances in Mathematics",
    volume = "310",
    pages = "1017--1063",
    year = "2017",
    publisher = "Elsevier",
    doi = "10.1016/j.aim.2017.02.012"
}


% Bound on orders of primitive groups
@article{cameron:permgroups-simple-groups,
    author = "Peter J. Cameron",
    title = "Finite Permutation Groups and Finite Simple Groups",
    journal = "Bulletin of the London Mathematical Society",
    volume = "13",
    number = "1",
    pages = "1--22",
    year = "1981",
    publisher = "Wiley Online Library",
    doi = "10.1112/blms/13.1.1",
}

% Bound on orders of primitive groups
@article{maroti:orders-primitive-groups,
    title = "On the orders of primitive groups",
    author = "Mar{\'o}ti, Attila",
    journal = "Journal of Algebra",
    volume = "258",
    number = "2",
    pages = "631--640",
    year = "2002",
    publisher = "Elsevier",
    doi = "10.1016/S0021-8693(02)00646-4"
}

% O'Nan-Scott by Liebeck, Praeger, Saxl
@article{liebeck-praeger-saxl:onan-scott,
    title={On the O'Nan-Scott theorem for finite primitive permutation groups},
    author={Liebeck, Martin W. and Praeger, Cheryl E. and Saxl, Jan},
    volume={44},
    DOI={10.1017/S144678870003216X},
    number={3},
    journal={Journal of the Australian Mathematical Society. Series A. Pure Mathematics and Statistics},
    publisher={Cambridge University Press},
    year={1988},
    pages={389--396},
}

% O'Nan-Scott in 8 types
@article{praeger:onan-scott-eight-types,
    title={The inclusion problem for finite primitive permutation groups},
    author={Praeger, Cheryl E},
    journal={Proceedings of the London Mathematical Society},
    volume={3},
    number={1},
    pages={68--88},
    year={1990},
    publisher={Wiley Online Library},
    doi = {10.1112/plms/s3-60.1.68},
}



% Standard on permutation groups
@book{cameron:permutation-groups,
    author = "Peter J. Cameron",
    title = "Permutation Groups",
    publisher = "FIXME",
    year = 0,
    ISBN = 0,
    volume = 0,
    doi = "0",
    series = "0",
    langid = "english",
    langidopts = "variant=british",
}

% Standard on permutation groups
@book{dixon-mortimer:permutation-groups,
    author={Dixon, John D and Mortimer, Brian},
    title={Permutation Groups},
    volume={163},
    year={1996},
    publisher={Springer Science \& Business Media},
    ISBN = {978-0-387-94599-6},
    doi = "10.1007/978-1-4612-0731-3",
}

@book{praeger-schneider:cartesian-decompositions,
    series={London Mathematical Society Lecture Note Series},
    title={Permutation Groups and Cartesian Decompositions},
    author={Praeger, Cheryl E. and Schneider, Csaba},
    DOI={10.1017/9781139194006},
    publisher={Cambridge University Press},
    year={2018},
    volume={449},
    collection={London Mathematical Society Lecture Note Series},
}

% First appearence of "cartesian decompositions"
@article{kovacs:cartesian-decompositions,
    author       = "Kov\'acs, L\'aszl\'o Gy\"orgy",
    title        = "Wreath decompositions of finite permutation groups",
    journaltitle = "Bulletin of the Australian Mathematical Society",
    date         = 1989,
    volume       = 40,
    number       = 2,
    pages        = "255-279",
    doi          = "10.1017/S0004972700004366",
}

% COMPUTATIONAL
% Babai: GraphIso and StringIso in quasi poly time
% https://arxiv.org/abs/1512.03547
@article{babai:graphiso-quasipolynomial,
    author = {{Babai}, L{\'a}szl{\'o}},
    title = "{Graph Isomorphism in Quasipolynomial Time}",
    journal = {arXiv e-prints},
    keywords = {Computer Science - Data Structures and Algorithms, Computer
        Science - Computational Complexity, Mathematics - Combinatorics,
        Mathematics - Group Theory, 68Q25, 68R10, 20B25, 20B15, 05E18, 05C65,
        20L05, F.2.2, G.2.2},
    year = "2015",
    month = "Dec",
    eid = {arXiv:1512.03547},
    pages = {arXiv:1512.03547},
    archivePrefix = {arXiv},
    eprint = {1512.03547},
    primaryClass = {cs.DS},
}



% A composition series and the non-abelian part of the socle can be computed in
% poly time. Depends on the CFSG!
@inproceedings{babai-kantor-luks:consequences-cfsg,
    author = "L\'aszl\'o Babai and William M. Kantor and Eugene M. Luks",
    title = "Computational complexity and the classification of finite
            simple groups",
    booktitle = "24th Annual Symposium on Foundations of Computer Science
                (sfcs 1983)",
    pages = "162--171",
    publisher = "IEEE",
    year = 1983,
    ISBN = "0-8186-0508-1",
    doi = "10.1109/SFCS.1983.10",
}

% Does not depend on the CFSG! A composition series and the non-abelian part of
% the socle can be computed in poly time.
@inproceedings{beals:compseries-without-cfsg,
    author = {Beals, Robert},
    title = {An Elementary Algorithm for Computing the Composition Factors of a
        Permutation Group},
    booktitle = {Proceedings of the 1993 International Symposium on Symbolic
        and Algebraic Computation},
    series = {ISSAC '93},
    year = {1993},
    isbn = {0-89791-604-2},
    pages = {127--134},
    numpages = {8},
    doi = {10.1145/164081.164105},
}

% Normalisers of simple groups in P-time
@article{luks-miyazaki:normalisers-ptime,
    author = "Luks, Eugene and Miyazaki, Takunari",
    title = "Polynomial-time normalizers",
    year = "2011",
    month = "03",
    volume = "13",
    number = "4",
    pages= "61--96",
    journal = "Discrete Mathematics and Theoretical Computer Science",
    eprint = "hal-00990473",
    eprinttype = "hal"
}

% Recognise large groups
@inproceedings{babai-luks-seress:permutation-groups-nc,
    author = {Babai, L. and Luks, E. and Seress, A.},
    title = {Permutation Groups in NC},
    booktitle = {Proceedings of the Nineteenth Annual ACM Symposium on Theory of Computing},
    series = {STOC '87},
    year = {1987},
    isbn = {0-89791-221-7},
    pages = {409--420},
    doi = {10.1145/28395.28439},
    acmid = {28439},
    publisher = {ACM},
} 

% Centralisers of normals subgroups in MC NLT, see Seress book for
% deterministic NLT.
@inbook{luks-seress:fitting-subgroup-centraliser-normal-subgroup,
    author = {Luks, Eugene and Seress, Akos},
    year = {1997},
    month = {02},
    pages = {169-181},
    title = {Computing the Fitting subgroup and solvable radical of small-base
        permutation groups in nearly linear time},
    isbn = {9780821805169},
    doi = {10.1090/dimacs/028/12},
}

% Standard on permutation group algorithms
@book{seress:permutation-group-algorithms,
    author = {Seress, {\'A}kos},
    series = {Cambridge Tracts in Mathematics},
    title = {Permutation Group Algorithms},
    DOI = {10.1017/CBO9780511546549},
    publisher = {Cambridge University Press},
    year = {2003},
    collection = {Cambridge Tracts in Mathematics},
}

% FUNDAMENTALS: Schreier-Sims and labelled branchings
% Sims papers introducing base and SGS
@incollection{sims-1970,
    title = "Computational methods in the study of permutation groups",
    author = "Charles C. Sims",
    editor = "John Leech",
    booktitle = "Computational Problems in Abstract Algebra",
    publisher = "Pergamon",
    pages = "169 - 183",
    year = "1970",
    isbn = "978-0-08-012975-4",
    doi = "https://doi.org/10.1016/B978-0-08-012975-4.50020-5",
}

@inproceedings{sims-1971,
    author = {Charles C. Sims},
    title = {Computation with Permutation Groups},
    booktitle = {Proceedings of the Second ACM Symposium on Symbolic and Algebraic Manipulation},
    series = {SYMSAC '71},
    year = {1971},
    location = {Los Angeles, California, USA},
    pages = {23--28},
    numpages = {6},
    doi = {10.1145/800204.806264},
    acmid = {806264},
    publisher = {ACM},
    address = {New York, NY, USA},
}

@inproceedings{furst-hopcroft-luks:basesgs-ptime,
 author = {Furst, Merrick and Hopcroft, John and Luks, Eugene},
 title = {Polynomial-time Algorithms for Permutation Groups},
 booktitle = {Proceedings of the 21st Annual Symposium on Foundations of Computer Science},
 series = {SFCS '80},
 year = {1980},
 pages = {36--41},
 numpages = {6},
 doi = {10.1109/SFCS.1980.34},
 acmid = {1382665},
 publisher = {IEEE Computer Society},
 address = {Washington, DC, USA},
}

% labelled branchings
@article{jerrum:labelled-branchings,
title = "A compact representation for permutation groups",
author = "Mark Jerrum",
journal = "Journal of Algorithms",
volume = "7",
number = "1",
pages = "60 - 78",
year = "1986",
issn = "0196-6774",
doi = "https://doi.org/10.1016/0196-6774(86)90038-6",
}
